[{"date":"2017-01-01","store_id":231.0,"total_sales":472.75,"total_items_sold":69.0,"number_of_tickets":66,"number_of_unique_items":46,"is_outlier":false},{"date":"2017-01-02","store_id":231.0,"total_sales":315.75,"total_items_sold":45.0,"number_of_tickets":42,"number_of_unique_items":30,"is_outlier":false},{"date":"2017-01-03","store_id":231.0,"total_sales":201.25,"total_items_sold":28.0,"number_of_tickets":24,"number_of_unique_items":21,"is_outlier":false},{"date":"2017-01-04","store_id":231.0,"total_sales":323.0,"total_items_sold":47.0,"number_of_tickets":46,"number_of_unique_items":31,"is_outlier":false},{"date":"2017-01-05","store_id":231.0,"total_sales":197.76,"total_items_sold":47.0,"number_of_tickets":39,"number_of_unique_items":28,"is_outlier":false},{"date":"2017-01-06","store_id":231.0,"total_sales":625.0,"total_items_sold":90.0,"number_of_tickets":86,"number_of_unique_items":47,"is_outlier":false},{"date":"2017-01-07","store_id":231.0,"total_sales":825.5,"total_items_sold":131.0,"number_of_tickets":119,"number_of_unique_items":67,"is_outlier":false},{"date":"2017-01-08","store_id":231.0,"total_sales":237.5,"total_items_sold":32.0,"number_of_tickets":32,"number_of_unique_items":27,"is_outlier":false},{"date":"2017-01-09","store_id":231.0,"total_sales":201.75,"total_items_sold":24.0,"number_of_tickets":22,"number_of_unique_items":16,"is_outlier":false},{"date":"2017-01-10","store_id":231.0,"total_sales":230.5,"total_items_sold":39.0,"number_of_tickets":36,"number_of_unique_items":27,"is_outlier":false},{"date":"2017-01-11","store_id":231.0,"total_sales":223.0,"total_items_sold":37.0,"number_of_tickets":37,"number_of_unique_items":27,"is_outlier":false},{"date":"2017-01-12","store_id":231.0,"total_sales":384.75,"total_items_sold":68.0,"number_of_tickets":58,"number_of_unique_items":29,"is_outlier":false},{"date":"2017-01-13","store_id":231.0,"total_sales":800.25,"total_items_sold":112.0,"number_of_tickets":104,"number_of_unique_items":56,"is_outlier":false},{"date":"2017-01-14","store_id":231.0,"total_sales":1076.0,"total_items_sold":156.0,"number_of_tickets":140,"number_of_unique_items":71,"is_outlier":false},{"date":"2017-01-15","store_id":231.0,"total_sales":300.0,"total_items_sold":41.0,"number_of_tickets":41,"number_of_unique_items":32,"is_outlier":false},{"date":"2017-01-16","store_id":231.0,"total_sales":129.75,"total_items_sold":21.0,"number_of_tickets":21,"number_of_unique_items":15,"is_outlier":false},{"date":"2017-01-17","store_id":231.0,"total_sales":205.25,"total_items_sold":31.0,"number_of_tickets":31,"number_of_unique_items":21,"is_outlier":false},{"date":"2017-01-18","store_id":231.0,"total_sales":273.5,"total_items_sold":44.0,"number_of_tickets":40,"number_of_unique_items":27,"is_outlier":false},{"date":"2017-01-19","store_id":231.0,"total_sales":336.5,"total_items_sold":56.0,"number_of_tickets":50,"number_of_unique_items":34,"is_outlier":false},{"date":"2017-01-20","store_id":231.0,"total_sales":1277.5,"total_items_sold":196.0,"number_of_tickets":180,"number_of_unique_items":75,"is_outlier":false},{"date":"2017-01-21","store_id":231.0,"total_sales":1089.75,"total_items_sold":169.0,"number_of_tickets":147,"number_of_unique_items":83,"is_outlier":false},{"date":"2017-01-22","store_id":231.0,"total_sales":210.0,"total_items_sold":26.0,"number_of_tickets":25,"number_of_unique_items":20,"is_outlier":false},{"date":"2017-01-23","store_id":231.0,"total_sales":172.75,"total_items_sold":23.0,"number_of_tickets":21,"number_of_unique_items":14,"is_outlier":false},{"date":"2017-01-24","store_id":231.0,"total_sales":247.5,"total_items_sold":45.0,"number_of_tickets":44,"number_of_unique_items":32,"is_outlier":false},{"date":"2017-01-25","store_id":231.0,"total_sales":260.5,"total_items_sold":44.0,"number_of_tickets":42,"number_of_unique_items":31,"is_outlier":false},{"date":"2017-01-26","store_id":231.0,"total_sales":192.5,"total_items_sold":25.0,"number_of_tickets":25,"number_of_unique_items":20,"is_outlier":false},{"date":"2017-01-27","store_id":231.0,"total_sales":735.25,"total_items_sold":118.0,"number_of_tickets":105,"number_of_unique_items":56,"is_outlier":false},{"date":"2017-01-28","store_id":231.0,"total_sales":1297.49,"total_items_sold":186.0,"number_of_tickets":161,"number_of_unique_items":89,"is_outlier":false},{"date":"2017-01-29","store_id":231.0,"total_sales":234.5,"total_items_sold":36.0,"number_of_tickets":34,"number_of_unique_items":26,"is_outlier":false},{"date":"2017-01-30","store_id":231.0,"total_sales":89.75,"total_items_sold":16.0,"number_of_tickets":16,"number_of_unique_items":13,"is_outlier":false},{"date":"2017-01-31","store_id":231.0,"total_sales":408.75,"total_items_sold":66.0,"number_of_tickets":62,"number_of_unique_items":44,"is_outlier":false},{"date":"2017-02-01","store_id":231.0,"total_sales":282.5,"total_items_sold":48.0,"number_of_tickets":45,"number_of_unique_items":30,"is_outlier":false},{"date":"2017-02-02","store_id":231.0,"total_sales":311.75,"total_items_sold":47.0,"number_of_tickets":41,"number_of_unique_items":24,"is_outlier":false},{"date":"2017-02-03","store_id":231.0,"total_sales":657.5,"total_items_sold":94.0,"number_of_tickets":93,"number_of_unique_items":58,"is_outlier":false},{"date":"2017-02-04","store_id":231.0,"total_sales":1192.25,"total_items_sold":168.0,"number_of_tickets":161,"number_of_unique_items":86,"is_outlier":false},{"date":"2017-02-05","store_id":231.0,"total_sales":283.5,"total_items_sold":43.0,"number_of_tickets":42,"number_of_unique_items":35,"is_outlier":false},{"date":"2017-02-06","store_id":231.0,"total_sales":139.5,"total_items_sold":18.0,"number_of_tickets":17,"number_of_unique_items":12,"is_outlier":false},{"date":"2017-02-07","store_id":231.0,"total_sales":178.0,"total_items_sold":31.0,"number_of_tickets":30,"number_of_unique_items":21,"is_outlier":false},{"date":"2017-02-08","store_id":231.0,"total_sales":266.0,"total_items_sold":45.0,"number_of_tickets":42,"number_of_unique_items":23,"is_outlier":false},{"date":"2017-02-09","store_id":231.0,"total_sales":217.25,"total_items_sold":33.0,"number_of_tickets":32,"number_of_unique_items":20,"is_outlier":false},{"date":"2017-02-10","store_id":231.0,"total_sales":821.75,"total_items_sold":127.0,"number_of_tickets":120,"number_of_unique_items":60,"is_outlier":false},{"date":"2017-02-11","store_id":231.0,"total_sales":1484.75,"total_items_sold":227.0,"number_of_tickets":209,"number_of_unique_items":96,"is_outlier":false},{"date":"2017-02-12","store_id":231.0,"total_sales":524.0,"total_items_sold":79.0,"number_of_tickets":77,"number_of_unique_items":53,"is_outlier":false},{"date":"2017-02-13","store_id":231.0,"total_sales":155.0,"total_items_sold":23.0,"number_of_tickets":22,"number_of_unique_items":12,"is_outlier":false},{"date":"2017-02-14","store_id":231.0,"total_sales":467.25,"total_items_sold":57.0,"number_of_tickets":53,"number_of_unique_items":39,"is_outlier":false},{"date":"2017-02-15","store_id":231.0,"total_sales":179.25,"total_items_sold":31.0,"number_of_tickets":30,"number_of_unique_items":22,"is_outlier":false},{"date":"2017-02-16","store_id":231.0,"total_sales":372.5,"total_items_sold":53.0,"number_of_tickets":51,"number_of_unique_items":32,"is_outlier":false},{"date":"2017-02-17","store_id":231.0,"total_sales":934.25,"total_items_sold":147.0,"number_of_tickets":139,"number_of_unique_items":65,"is_outlier":false},{"date":"2017-02-18","store_id":231.0,"total_sales":1789.25,"total_items_sold":280.0,"number_of_tickets":268,"number_of_unique_items":113,"is_outlier":false},{"date":"2017-02-19","store_id":231.0,"total_sales":840.0,"total_items_sold":119.0,"number_of_tickets":110,"number_of_unique_items":67,"is_outlier":false},{"date":"2017-02-20","store_id":231.0,"total_sales":379.0,"total_items_sold":52.0,"number_of_tickets":52,"number_of_unique_items":32,"is_outlier":false},{"date":"2017-02-21","store_id":231.0,"total_sales":392.0,"total_items_sold":65.0,"number_of_tickets":64,"number_of_unique_items":38,"is_outlier":false},{"date":"2017-02-22","store_id":231.0,"total_sales":384.75,"total_items_sold":50.0,"number_of_tickets":48,"number_of_unique_items":31,"is_outlier":false},{"date":"2017-02-23","store_id":231.0,"total_sales":280.5,"total_items_sold":42.0,"number_of_tickets":41,"number_of_unique_items":29,"is_outlier":false},{"date":"2017-02-24","store_id":231.0,"total_sales":1712.75,"total_items_sold":260.0,"number_of_tickets":238,"number_of_unique_items":83,"is_outlier":false},{"date":"2017-02-25","store_id":231.0,"total_sales":1466.25,"total_items_sold":181.0,"number_of_tickets":171,"number_of_unique_items":92,"is_outlier":false},{"date":"2017-02-26","store_id":231.0,"total_sales":584.5,"total_items_sold":79.0,"number_of_tickets":76,"number_of_unique_items":55,"is_outlier":false},{"date":"2017-02-27","store_id":231.0,"total_sales":159.0,"total_items_sold":27.0,"number_of_tickets":24,"number_of_unique_items":18,"is_outlier":false},{"date":"2017-02-28","store_id":231.0,"total_sales":436.75,"total_items_sold":79.0,"number_of_tickets":74,"number_of_unique_items":44,"is_outlier":false},{"date":"2017-03-01","store_id":231.0,"total_sales":399.25,"total_items_sold":62.0,"number_of_tickets":58,"number_of_unique_items":32,"is_outlier":false},{"date":"2017-03-02","store_id":231.0,"total_sales":323.5,"total_items_sold":45.0,"number_of_tickets":43,"number_of_unique_items":28,"is_outlier":false},{"date":"2017-03-03","store_id":231.0,"total_sales":795.25,"total_items_sold":122.0,"number_of_tickets":117,"number_of_unique_items":64,"is_outlier":false},{"date":"2017-03-04","store_id":231.0,"total_sales":1623.0,"total_items_sold":236.0,"number_of_tickets":228,"number_of_unique_items":104,"is_outlier":false},{"date":"2017-03-05","store_id":231.0,"total_sales":431.5,"total_items_sold":69.0,"number_of_tickets":68,"number_of_unique_items":50,"is_outlier":false},{"date":"2017-03-06","store_id":231.0,"total_sales":197.5,"total_items_sold":26.0,"number_of_tickets":26,"number_of_unique_items":20,"is_outlier":false},{"date":"2017-03-07","store_id":231.0,"total_sales":247.25,"total_items_sold":48.0,"number_of_tickets":43,"number_of_unique_items":31,"is_outlier":false},{"date":"2017-03-08","store_id":231.0,"total_sales":378.0,"total_items_sold":63.0,"number_of_tickets":60,"number_of_unique_items":44,"is_outlier":false},{"date":"2017-03-09","store_id":231.0,"total_sales":451.0,"total_items_sold":61.0,"number_of_tickets":60,"number_of_unique_items":29,"is_outlier":false},{"date":"2017-03-10","store_id":231.0,"total_sales":1003.25,"total_items_sold":120.0,"number_of_tickets":115,"number_of_unique_items":67,"is_outlier":false},{"date":"2017-03-11","store_id":231.0,"total_sales":1437.0,"total_items_sold":219.0,"number_of_tickets":212,"number_of_unique_items":118,"is_outlier":false},{"date":"2017-03-12","store_id":231.0,"total_sales":332.75,"total_items_sold":54.0,"number_of_tickets":54,"number_of_unique_items":43,"is_outlier":false},{"date":"2017-03-13","store_id":231.0,"total_sales":183.0,"total_items_sold":35.0,"number_of_tickets":34,"number_of_unique_items":22,"is_outlier":false},{"date":"2017-03-14","store_id":231.0,"total_sales":198.5,"total_items_sold":40.0,"number_of_tickets":40,"number_of_unique_items":21,"is_outlier":false},{"date":"2017-03-15","store_id":231.0,"total_sales":348.0,"total_items_sold":59.0,"number_of_tickets":56,"number_of_unique_items":29,"is_outlier":false},{"date":"2017-03-16","store_id":231.0,"total_sales":302.0,"total_items_sold":44.0,"number_of_tickets":44,"number_of_unique_items":32,"is_outlier":false},{"date":"2017-03-17","store_id":231.0,"total_sales":1510.5,"total_items_sold":221.0,"number_of_tickets":198,"number_of_unique_items":86,"is_outlier":false},{"date":"2017-03-18","store_id":231.0,"total_sales":1212.75,"total_items_sold":190.0,"number_of_tickets":185,"number_of_unique_items":92,"is_outlier":false},{"date":"2017-03-19","store_id":231.0,"total_sales":299.5,"total_items_sold":42.0,"number_of_tickets":41,"number_of_unique_items":37,"is_outlier":false},{"date":"2017-03-20","store_id":231.0,"total_sales":207.5,"total_items_sold":29.0,"number_of_tickets":28,"number_of_unique_items":16,"is_outlier":false},{"date":"2017-03-21","store_id":231.0,"total_sales":391.25,"total_items_sold":69.0,"number_of_tickets":63,"number_of_unique_items":37,"is_outlier":false},{"date":"2017-03-22","store_id":231.0,"total_sales":238.5,"total_items_sold":41.0,"number_of_tickets":37,"number_of_unique_items":30,"is_outlier":false},{"date":"2017-03-23","store_id":231.0,"total_sales":446.25,"total_items_sold":56.0,"number_of_tickets":54,"number_of_unique_items":33,"is_outlier":false},{"date":"2017-03-24","store_id":231.0,"total_sales":1089.0,"total_items_sold":148.0,"number_of_tickets":140,"number_of_unique_items":73,"is_outlier":false},{"date":"2017-03-25","store_id":231.0,"total_sales":1798.25,"total_items_sold":265.0,"number_of_tickets":250,"number_of_unique_items":113,"is_outlier":false},{"date":"2017-03-26","store_id":231.0,"total_sales":439.5,"total_items_sold":69.0,"number_of_tickets":67,"number_of_unique_items":49,"is_outlier":false},{"date":"2017-03-27","store_id":231.0,"total_sales":226.25,"total_items_sold":32.0,"number_of_tickets":29,"number_of_unique_items":19,"is_outlier":false},{"date":"2017-03-28","store_id":231.0,"total_sales":669.25,"total_items_sold":104.0,"number_of_tickets":102,"number_of_unique_items":54,"is_outlier":false},{"date":"2017-03-29","store_id":231.0,"total_sales":437.5,"total_items_sold":72.0,"number_of_tickets":68,"number_of_unique_items":35,"is_outlier":false},{"date":"2017-03-30","store_id":231.0,"total_sales":406.5,"total_items_sold":56.0,"number_of_tickets":53,"number_of_unique_items":32,"is_outlier":false},{"date":"2017-03-31","store_id":231.0,"total_sales":743.25,"total_items_sold":109.0,"number_of_tickets":103,"number_of_unique_items":61,"is_outlier":false},{"date":"2017-04-01","store_id":231.0,"total_sales":1168.25,"total_items_sold":185.0,"number_of_tickets":174,"number_of_unique_items":107,"is_outlier":false},{"date":"2017-04-02","store_id":231.0,"total_sales":631.75,"total_items_sold":102.0,"number_of_tickets":98,"number_of_unique_items":60,"is_outlier":false},{"date":"2017-04-03","store_id":231.0,"total_sales":180.0,"total_items_sold":31.0,"number_of_tickets":28,"number_of_unique_items":22,"is_outlier":false},{"date":"2017-04-04","store_id":231.0,"total_sales":347.75,"total_items_sold":47.0,"number_of_tickets":47,"number_of_unique_items":35,"is_outlier":false},{"date":"2017-04-05","store_id":231.0,"total_sales":389.25,"total_items_sold":71.0,"number_of_tickets":69,"number_of_unique_items":42,"is_outlier":false},{"date":"2017-04-06","store_id":231.0,"total_sales":493.25,"total_items_sold":69.0,"number_of_tickets":65,"number_of_unique_items":37,"is_outlier":false},{"date":"2017-04-07","store_id":231.0,"total_sales":853.25,"total_items_sold":126.0,"number_of_tickets":123,"number_of_unique_items":63,"is_outlier":false},{"date":"2017-04-08","store_id":231.0,"total_sales":1737.25,"total_items_sold":257.0,"number_of_tickets":244,"number_of_unique_items":115,"is_outlier":false},{"date":"2017-04-09","store_id":231.0,"total_sales":589.0,"total_items_sold":78.0,"number_of_tickets":77,"number_of_unique_items":52,"is_outlier":false},{"date":"2017-04-10","store_id":231.0,"total_sales":210.0,"total_items_sold":37.0,"number_of_tickets":37,"number_of_unique_items":30,"is_outlier":false},{"date":"2017-04-11","store_id":231.0,"total_sales":212.75,"total_items_sold":36.0,"number_of_tickets":36,"number_of_unique_items":31,"is_outlier":false},{"date":"2017-04-12","store_id":231.0,"total_sales":491.0,"total_items_sold":81.0,"number_of_tickets":78,"number_of_unique_items":49,"is_outlier":false},{"date":"2017-04-13","store_id":231.0,"total_sales":652.25,"total_items_sold":88.0,"number_of_tickets":85,"number_of_unique_items":44,"is_outlier":false},{"date":"2017-04-14","store_id":231.0,"total_sales":1507.0,"total_items_sold":220.0,"number_of_tickets":198,"number_of_unique_items":79,"is_outlier":false},{"date":"2017-04-15","store_id":231.0,"total_sales":1720.5,"total_items_sold":256.0,"number_of_tickets":235,"number_of_unique_items":104,"is_outlier":false},{"date":"2017-04-16","store_id":231.0,"total_sales":347.75,"total_items_sold":52.0,"number_of_tickets":49,"number_of_unique_items":40,"is_outlier":false},{"date":"2017-04-17","store_id":231.0,"total_sales":250.75,"total_items_sold":38.0,"number_of_tickets":37,"number_of_unique_items":28,"is_outlier":false},{"date":"2017-04-18","store_id":231.0,"total_sales":624.0,"total_items_sold":108.0,"number_of_tickets":106,"number_of_unique_items":55,"is_outlier":false},{"date":"2017-04-19","store_id":231.0,"total_sales":411.75,"total_items_sold":73.0,"number_of_tickets":71,"number_of_unique_items":36,"is_outlier":false},{"date":"2017-04-20","store_id":231.0,"total_sales":617.25,"total_items_sold":80.0,"number_of_tickets":77,"number_of_unique_items":36,"is_outlier":false},{"date":"2017-04-21","store_id":231.0,"total_sales":841.0,"total_items_sold":135.0,"number_of_tickets":122,"number_of_unique_items":65,"is_outlier":false},{"date":"2017-04-22","store_id":231.0,"total_sales":1676.25,"total_items_sold":262.0,"number_of_tickets":238,"number_of_unique_items":99,"is_outlier":false},{"date":"2017-04-23","store_id":231.0,"total_sales":831.0,"total_items_sold":120.0,"number_of_tickets":114,"number_of_unique_items":64,"is_outlier":false},{"date":"2017-04-24","store_id":231.0,"total_sales":315.25,"total_items_sold":44.0,"number_of_tickets":41,"number_of_unique_items":31,"is_outlier":false},{"date":"2017-04-25","store_id":231.0,"total_sales":503.0,"total_items_sold":73.0,"number_of_tickets":69,"number_of_unique_items":48,"is_outlier":false},{"date":"2017-04-26","store_id":231.0,"total_sales":470.25,"total_items_sold":79.0,"number_of_tickets":77,"number_of_unique_items":46,"is_outlier":false},{"date":"2017-04-27","store_id":231.0,"total_sales":371.75,"total_items_sold":56.0,"number_of_tickets":54,"number_of_unique_items":33,"is_outlier":false},{"date":"2017-04-28","store_id":231.0,"total_sales":756.5,"total_items_sold":119.0,"number_of_tickets":114,"number_of_unique_items":56,"is_outlier":false},{"date":"2017-04-29","store_id":231.0,"total_sales":1371.0,"total_items_sold":206.0,"number_of_tickets":193,"number_of_unique_items":99,"is_outlier":false},{"date":"2017-04-30","store_id":231.0,"total_sales":1239.0,"total_items_sold":166.0,"number_of_tickets":157,"number_of_unique_items":79,"is_outlier":false},{"date":"2017-05-01","store_id":231.0,"total_sales":253.25,"total_items_sold":37.0,"number_of_tickets":34,"number_of_unique_items":21,"is_outlier":false},{"date":"2017-05-02","store_id":231.0,"total_sales":409.0,"total_items_sold":61.0,"number_of_tickets":59,"number_of_unique_items":39,"is_outlier":false},{"date":"2017-05-03","store_id":231.0,"total_sales":598.0,"total_items_sold":93.0,"number_of_tickets":90,"number_of_unique_items":46,"is_outlier":false},{"date":"2017-05-04","store_id":231.0,"total_sales":1053.25,"total_items_sold":145.0,"number_of_tickets":136,"number_of_unique_items":60,"is_outlier":false},{"date":"2017-05-05","store_id":231.0,"total_sales":1089.73,"total_items_sold":143.0,"number_of_tickets":129,"number_of_unique_items":73,"is_outlier":true}]